@misc{ref1:1,
  title = {Cryptography and Linear
Algebra},
  howpublished = {\url{https://home.csulb.edu/~jchang9/m247/m247\\\_fa11\_David\_Diego\_Alissa\_Daniel.pdf}},
  note = {Accessed: 2018\-05\-01}
}

@misc{ref2:2,
  title = {An Overview of Cryptography},
  howpublished = {\url{https://www.garykessler.net/library/crypto.html}},
  note = {Accessed: 2018-05-01}
}

@misc{ref3:3,
  title = {Caesar Cipher},
  howpublished = {\url{https://privacycanada.net/classical-encryption/caesar-cipher/}},
  note = {Accessed: 2018-05-01}
}

@misc{ref4:4,
  title = {Cryptography},
  howpublished = {\url{http://aix1.uottawa.ca/ jkhoury/cryptography.htm}},
  note = {Accessed: 2018-05-01}
}